Dato;Tekst;Beløb;Afstem;Saldo;Rentedato
16-08-2013;DK-NOTA50785 SUPERBEST, ØSTERBR;-405,85;N;-373,47;16-08-2013
16-08-2013;DK-NOTA18486 WWW.TAENK.DK/SHOP;-619,00;N;32,38;16-08-2013
15-08-2013;DK-NOTA63675 NETTO SØLVGADE;-214,57;N;651,38;15-08-2013
15-08-2013;DK-NOTA32407 ØKO-BAGERIET;-23,00;N;865,95;15-08-2013
15-08-2013;Overførsel div;1.000,00;N;888,95;15-08-2013
14-08-2013;DK-NOTA94049 IRMA 23082;-113,00;N;-111,05;14-08-2013
13-08-2013;DK-NOTA94831 IRMA STENGÅRDS A;-141,00;N;1,95;13-08-2013
12-08-2013;DK-NOTA96243 IRMA RØDOVRECENT.;-261,50;N;142,95;12-08-2013
12-08-2013;Overførsel div;4.000,00;N;404,45;12-08-2013
09-08-2013;DK-NOTA62273 SUPERBEST, ØSTERBR;-397,20;N;-3.595,55;09-08-2013
09-08-2013;DK-NOTA18996 SHELL SERVICE-1069;-580,43;N;-3.198,35;09-08-2013
08-08-2013;DK-NOTA27911 IRMA LYNGBYHOVEDG.;-92,50;N;-2.617,92;08-08-2013
08-08-2013;DK-NOTA  171 LYNGBY SVANE APOTE;-1.303,00;N;-2.525,42;08-08-2013
08-08-2013;DK-NOTA86836 MUSIK-CONDITORIET;-59,00;N;-1.222,42;08-08-2013
07-08-2013;Automat  845 NORDEA BANK DANMAR;-500,00;N;-1.163,42;07-08-2013
06-08-2013;DK-NOTA54439 TV 2/DANMARK;-119,00;N;-663,42;06-08-2013
06-08-2013;DK-NOTA  420 ELGIGANTEN 3031;-2.098,00;N;-544,42;06-08-2013
06-08-2013;DK-NOTA 3280 REMA 1000 STENGÅRD;-75,70;N;1.553,58;06-08-2013
06-08-2013;APPLE;-24,00;N;1.629,28;06-08-2013
06-08-2013;APPLE;-189,00;N;1.653,28;06-08-2013
05-08-2013;DK-NOTA13521 STICKS N SUSHI A/S;-567,00;N;1.842,28;05-08-2013
05-08-2013;DK-NOTA74754 IRMA RØDOVRECENT.;-152,00;N;2.409,28;05-08-2013
05-08-2013;DK-NOTA88821 OKHOLM FOTO;-498,00;N;2.561,28;05-08-2013
05-08-2013;DK-NOTA73044 IMERCO RØDOVRE;-479,85;N;3.059,28;05-08-2013
05-08-2013;DK-NOTA53501 DK HOSTMASTER A/S;-45,00;N;3.539,13;05-08-2013
05-08-2013;Overførsel Gryder+KSSkærm;3.000,00;N;3.584,13;05-08-2013
02-08-2013;DK-NOTA29766 KVICKLY BUDDINGE;-169,85;N;584,13;02-08-2013
02-08-2013;DK-NOTA21865 2418 APCOA PARKING;-14,50;N;753,98;02-08-2013
01-08-2013;DK-NOTA22629 IRMA LYNGBYHOVEDG.;-368,00;N;768,48;01-08-2013
01-08-2013;DK-NOTA30958 LYNGBY SVANE APOTE;-339,40;N;1.136,48;01-08-2013
01-08-2013;DK-NOTA13431 STICKS N SUSHI A/S;-506,00;N;1.475,88;01-08-2013
31-07-2013;WWW.NETFLIX.COM;-79,00;N;1.981,88;31-07-2013
30-07-2013;DK-NOTA  524 TRYG FORSIKRING A/;-10,50;N;2.060,88;30-07-2013
29-07-2013;DK-NOTA 3057 7-ELEVEN B 438;-598,58;N;2.071,38;29-07-2013
29-07-2013;DK-NOTA10087 Q8 SERVICE - 8037;-149,95;N;2.669,96;29-07-2013
29-07-2013;DK-NOTAN5191 TELMORE A/S;-201,39;N;2.819,91;29-07-2013
29-07-2013;DK-NOTA55152 KVICKLY BUDDINGE;-159,34;N;3.021,30;29-07-2013
26-07-2013;DK-NOTA13554 PARKERING KBH KA;-20,50;N;3.180,64;26-07-2013
26-07-2013;DK-NOTA13552 PARKERING KBH KA;-45,50;N;3.201,14;26-07-2013
25-07-2013;DK-NOTA 5709 METRO GLOSTRUP;-974,24;N;3.246,64;25-07-2013
25-07-2013;DK-NOTA61500 SILVAN GLADSAXE;-41,90;N;4.220,88;25-07-2013
24-07-2013;DK-NOTA 2813 ELGIGANTEN A/S;-813,00;N;4.262,78;24-07-2013
24-07-2013;WWW.NETFLIX.COM;-79,00;N;5.075,78;24-07-2013
23-07-2013;DK-NOTA 5703 VIAPLAY;-199,00;N;5.154,78;23-07-2013
22-07-2013;DK-NOTA  878 NEMLIG.COM;-688,35;N;5.353,78;22-07-2013
22-07-2013;APPLE;-35,00;N;6.042,13;22-07-2013
19-07-2013;DK-NOTA75054 IKEA - 121, ECO;-1.155,00;N;6.077,13;19-07-2013
19-07-2013;DK-NOTA81514 SILVAN GLADSAXE;-221,80;N;7.232,13;19-07-2013
18-07-2013;DK-NOTA 6150 REMA 1000 STENGÅRD;-166,58;N;7.453,93;18-07-2013
17-07-2013;DK-NOTA53553 PARKERING KBH NV-G;-25,50;N;7.620,51;17-07-2013
17-07-2013;DK-NOTA84030 CAFE BANKERÅT;-31,00;N;7.646,01;17-07-2013
17-07-2013;DK-NOTA31701 TELIA.DK;-348,00;N;7.677,01;17-07-2013
15-07-2013;DK-NOTA85235 SPAR ORDRUP;-88,85;N;8.025,01;15-07-2013
12-07-2013;DK-NOTA84562 SPAR ORDRUP;-222,85;N;8.113,86;12-07-2013
12-07-2013;DK-NOTA74412 REJSEKORT-WEBSALG;-300,00;N;8.336,71;12-07-2013
12-07-2013;APPLE;-64,00;N;8.636,71;12-07-2013
12-07-2013;APPLE;-8,00;N;8.700,71;12-07-2013
12-07-2013;HBONORDIC.COM;-79,00;N;8.708,71;12-07-2013
11-07-2013;DK-NOTA  661 DANSK SHELL- 1633;-484,70;N;8.787,71;11-07-2013
11-07-2013;OVERSKYDENDE SKAT;6.627,00;N;9.272,41;11-07-2013
11-07-2013;INDDÆK;4.000,00;N;2.645,41;11-07-2013
10-07-2013;DK-NOTA31880 PARKERING KBH IN;-17,50;N;-1.354,59;10-07-2013
10-07-2013;DK-NOTA44206 MJ COFFEE;-53,00;N;-1.337,09;10-07-2013
10-07-2013;DK-NOTA44204 MJ COFFEE;-176,00;N;-1.284,09;10-07-2013
10-07-2013;DK-NOTA20591 SAKURA;-300,00;N;-1.108,09;10-07-2013
09-07-2013;DK-NOTA16553 PARKERING KBH VB-B;-11,50;N;-808,09;09-07-2013
08-07-2013;DK-NOTAC3386 BILLETNET A/S;-642,09;N;-796,59;08-07-2013
08-07-2013;DK-NOTA31654 TELIA MOBILE;-200,00;N;-154,50;08-07-2013
08-07-2013;DK-NOTA44531 TV 2/DANMARK;-119,00;N;45,50;08-07-2013
08-07-2013;DK-NOTA12992 STICKS N SUSHI A/S;-626,00;N;164,50;08-07-2013
08-07-2013;DK-NOTA 4244 METRO GLOSTRUP;-2.357,48;N;790,50;08-07-2013
08-07-2013;Overførsel Metro;2.000,00;N;3.147,98;08-07-2013
05-07-2013;DK-NOTA 9192 ELGIGANTEN 3014;-5.600,00;N;1.147,98;05-07-2013
05-07-2013;Overførsel tv;6.000,00;N;6.747,98;05-07-2013
04-07-2013;DK-NOTA  210 DEN FLINKE SLAGTER;-54,00;N;747,98;04-07-2013
04-07-2013;DK-NOTA71630 SILVAN GLADSAXE;-269,75;N;801,98;04-07-2013
04-07-2013;DK-NOTA11046 MATAS - 15288;-409,95;N;1.071,73;04-07-2013
04-07-2013;DK-NOTA83344 MUSIK-CONDITORIET;-56,00;N;1.481,68;04-07-2013
03-07-2013;Overførsel Div;2.500,00;N;1.537,68;03-07-2013
02-07-2013;WWW.NETFLIX.COM;-79,00;N;-962,32;02-07-2013
01-07-2013;DK-NOTA15494 SUPERBEST HILLERØD;-322,75;N;-883,32;01-07-2013
01-07-2013;DK-NOTA58980 REINH. VAN HAUEN;-51,40;N;-560,57;01-07-2013
01-07-2013;DK-NOTA23577 MATAS - 15288;-184,90;N;-509,17;01-07-2013
01-07-2013;DK-NOTA 8183 TELIA LYNGBY ERH;-129,00;N;-324,27;01-07-2013
01-07-2013;DK-NOTA71624 IRMA STENGÅRDS A;-298,75;N;-195,27;01-07-2013
01-07-2013;DK-NOTA 7706 SHELL SERVICE-1187;-517,20;N;103,48;01-07-2013
01-07-2013;DK-NOTA 1933 SILVAN GLADSAXE;-1.332,20;N;620,68;01-07-2013
01-07-2013;Overførsel Dv;3.000,00;N;1.952,88;01-07-2013
28-06-2013;DK-NOTA 1853 ZONETERAPICENTERET;-825,00;N;-1.047,12;28-06-2013
28-06-2013;Rente;-37,10;N;-222,12;01-07-2013
28-06-2013;DK-NOTA97122 IKEA - 121, ECO;-378,00;N;-185,02;28-06-2013
28-06-2013;Fremmed automat i åbningstid;-8,00;N;192,98;28-06-2013
28-06-2013;DK-NOTA 3694 KIOSK T B;-166,00;N;200,98;28-06-2013
28-06-2013;Overførsel Div;2.000,00;N;366,98;28-06-2013
27-06-2013;DK-NOTA99237 REMA 1000;-167,60;N;-1.633,02;27-06-2013
26-06-2013;DK-NOTA20318 LETZ SUSHI;-275,00;N;-1.465,42;26-06-2013
26-06-2013;DK-NOTA73502 CAFE DEN BLÅ HUND;-35,00;N;-1.190,42;26-06-2013
25-06-2013;Overførsel Div;4.550,00;N;-1.155,42;25-06-2013
25-06-2013;PAYPAL *LEVISTRAUSS;-1.498,00;N;-5.705,42;25-06-2013
25-06-2013;DIV;5.000,00;N;-4.207,42;25-06-2013
24-06-2013;DK-NOTA 2197 VIAPLAY;-199,00;N;-9.207,42;24-06-2013
24-06-2013;DK-NOTA67252 IRMA STENGÅRDS A;-176,75;N;-9.008,42;24-06-2013
24-06-2013;DK-NOTA18138 MAGASIN, LYNGBY;-175,00;N;-8.831,67;24-06-2013
24-06-2013;DK-NOTA83121 MAGASIN, LYNGBY;-264,00;N;-8.656,67;24-06-2013
24-06-2013;DK-NOTA 8402 PARKERING LYNGBY;-11,50;N;-8.392,67;24-06-2013
24-06-2013;DK-NOTA95234 IKEA - 121, ECO;-969,00;N;-8.381,17;24-06-2013
21-06-2013;DK-NOTA20668 SHELL SERVICE-1133;-635,36;N;-7.412,17;21-06-2013
21-06-2013;DK-NOTA19598 PLUS1 RØDOVRE PARK;-336,23;N;-6.776,81;21-06-2013
20-06-2013;DK-NOTA65499 IRMA 23089 CITY;-328,75;N;-6.440,58;20-06-2013
20-06-2013;DK-NOTA 1845 ZONETERAPICENTERET;-825,00;N;-6.111,83;20-06-2013
20-06-2013;AVID EMEA EUR;-417,90;N;-5.286,83;20-06-2013
20-06-2013;AVID EMEA EUR;-2.860,41;N;-4.868,93;20-06-2013
20-06-2013;APPLE;-1.490,00;N;-2.008,52;20-06-2013
20-06-2013;Amazon;-589,69;N;-518,52;20-06-2013
20-06-2013;Automat  325 NORDEA BANK DANMAR;-500,00;N;71,17;20-06-2013
19-06-2013;DK-NOTAC3366 BILLETNET A/S;-1.993,44;N;571,17;19-06-2013
19-06-2013;Automat  256 NORDEA BANK DANMAR;-300,00;N;2.564,61;19-06-2013
19-06-2013;LB RABAT 407325;533,00;N;2.864,61;19-06-2013
18-06-2013;Amazon;-332,47;N;2.331,61;18-06-2013
17-06-2013;DK-NOTA16759 D KOMPAGNIET APS;-361,00;N;2.664,08;17-06-2013
17-06-2013;DK-NOTA22431 KINOPALÆET A/S;-111,00;N;3.025,08;17-06-2013
17-06-2013;DK-NOTA65974 1902 KULTURHUSET L;-45,50;N;3.136,08;17-06-2013
17-06-2013;DK-NOTA64194 LAGKAGEHUSET;-131,00;N;3.181,58;17-06-2013
17-06-2013;DK-NOTA65727 1900 MAGASIN/FOG;-15,50;N;3.312,58;17-06-2013
17-06-2013;Overførsel Protools;3.000,00;N;3.328,08;17-06-2013
14-06-2013;DK-NOTA61141 DEN RIGTIGE BAGER;-162,00;N;328,08;14-06-2013
14-06-2013;Overførsel z;1.500,00;N;490,08;14-06-2013
13-06-2013;DK-NOTA 1835 ZONETERAPICENTERET;-825,00;N;-1.009,92;13-06-2013
13-06-2013;KODA;59,16;N;-184,92;13-06-2013
12-06-2013;DK-NOTA67924 CAFE DEN BLÅ HUND;-157,00;N;-244,08;12-06-2013
12-06-2013;HBONORDIC.COM;-79,00;N;-87,08;12-06-2013
12-06-2013;APPLE;-99,00;N;-8,08;12-06-2013
11-06-2013;DK-NOTA88240 REMA 1000;-38,45;N;90,92;11-06-2013
11-06-2013;DK-NOTA59383 SHELL SERVICE-1032;-652,43;N;129,37;11-06-2013
11-06-2013;DK-NOTA 1748 214 DØGNETTO GENTO;-121,90;N;781,80;11-06-2013
11-06-2013;Overførsel Div;2.500,00;N;903,70;11-06-2013
10-06-2013;DK-NOTA80813 MUSIK-CONDITORIET;-30,00;N;-1.596,30;10-06-2013
10-06-2013;DK-NOTA56567 MUSIK-CONDITORIET;-31,00;N;-1.566,30;10-06-2013
10-06-2013;DK-NOTA13678 MIKKELLER & FRIEND;-65,00;N;-1.535,30;10-06-2013
10-06-2013;DK-NOTA13676 MIKKELLER & FRIEND;-180,00;N;-1.470,30;10-06-2013
07-06-2013;DK-NOTA33045 TV 2/DANMARK;-119,00;N;-1.290,30;07-06-2013
07-06-2013;Texim-Components2Buy;-1.129,82;N;-1.171,30;07-06-2013
07-06-2013;ATM 0012 Nykredit Lyngby;-6.000,00;N;-41,48;06-06-2013
06-06-2013;DK-NOTA26615 METRO GLOSTRUP;-2.232,86;N;5.958,52;06-06-2013
06-06-2013;DK-NOTA55219 IDDESIGN LOGISTIKC;-13.022,50;N;8.191,38;06-06-2013
06-06-2013;DK-NOTA 1828 ZONETERAPICENTERET;-825,00;N;21.213,88;06-06-2013
04-06-2013;DK-NOTA48522 METRO GLOSTRUP;-3.219,98;N;22.038,88;04-06-2013
03-06-2013;DK-NOTA76048 REMA 1000 STENGÅRD;-142,50;N;25.258,86;03-06-2013
03-06-2013;DK-NOTA66870 IKEA - 121, ECO;-139,00;N;25.401,36;03-06-2013
03-06-2013;DK-NOTA59247 BILKA ISHØJ;-90,90;N;25.540,36;03-06-2013
03-06-2013;DK-NOTA49361 BILKA ISHØJ;-3.008,65;N;25.631,26;03-06-2013
31-05-2013;DK-NOTA20551 EUROPARK-2418;-10,50;N;28.639,91;31-05-2013
31-05-2013;Fremmed automat i åbningstid;-12,00;N;28.650,41;31-05-2013
31-05-2013;DK-NOTA 1284 7-ELEVEN B 438;-455,19;N;28.662,41;31-05-2013
31-05-2013;WWW.NETFLIX.COM;-79,00;N;29.117,60;31-05-2013
31-05-2013;DK-NOTA91703 LYNGBY PIZZARIA;-157,00;N;29.196,60;31-05-2013
30-05-2013;DK-NOTA24696 REMA 1000 STENGÅRD;-156,91;N;29.353,60;30-05-2013
30-05-2013;FUTURE PUBLISHING;-678,18;N;29.510,51;30-05-2013
30-05-2013;DK-NOTA 1819 ZONETERAPICENTERET;-825,00;N;30.188,69;30-05-2013
30-05-2013;FLYTNING;30.000,00;N;31.013,69;30-05-2013
29-05-2013;DK-NOTA19116 LETZ SUSHI;-275,00;N;1.013,69;29-05-2013
29-05-2013;Automat  460 NORDEA BANK DANMAR;-2.000,00;N;1.288,69;29-05-2013
28-05-2013;DK-NOTA91499 LYNGBY PIZZARIA;-65,00;N;3.288,69;28-05-2013
28-05-2013;DK-NOTA74190 IRMA LYNGBYHOVEDG.;-77,25;N;3.353,69;28-05-2013
28-05-2013;ATM 0012 Nykredit Lyngby;-6.000,00;N;3.430,94;28-05-2013
28-05-2013;DK-NOTA9270  ATEA A/S;-2.012,02;N;9.430,94;28-05-2013
27-05-2013;DK-NOTA22020 REMA 1000 STENGÅRD;-77,80;N;11.442,96;27-05-2013
27-05-2013;DK-NOTA47773 ILVA LYNGBY;-499,00;N;11.520,76;27-05-2013
27-05-2013;DK-NOTA79028 MUSIK-CONDITORIET;-89,00;N;12.019,76;27-05-2013
27-05-2013;DK-NOTA15603 PALAZZO PIZZARIA,;-172,00;N;12.108,76;27-05-2013
27-05-2013;DK-NOTA90824 SUPERB PLANTAN;-75,95;N;12.280,76;27-05-2013
27-05-2013;ATM 0012 Nykredit Lyngby;-6.000,00;N;12.356,71;27-05-2013
27-05-2013;ATM 0012 Nykredit Lyngby;-6.000,00;N;18.356,71;27-05-2013
24-05-2013;DK-NOTA34086 CAFE BARTOF V/JOAK;-247,00;N;24.356,71;24-05-2013
24-05-2013;DK-NOTA34048 CAFE BARTOF V/JOAK;-36,00;N;24.603,71;24-05-2013
24-05-2013;DK-NOTA10554 SHELL SERVICE-1189;-620,96;N;24.639,71;24-05-2013
24-05-2013;Automat  274 NORDEA BANK DANMAR;-2.000,00;N;25.260,67;24-05-2013
23-05-2013;DK-NOTA 6711 FØTEX LYNGBY;-229,72;N;27.260,67;23-05-2013
23-05-2013;DK-NOTA45499 MAGASIN, LYNGBY;-399,00;N;27.490,39;23-05-2013
23-05-2013;DK-NOTA31186 PARKERING KBH IN;-20,50;N;27.889,39;23-05-2013
23-05-2013;DK-NOTA50449 1900 MAGASIN/FOG;-15,50;N;27.909,89;23-05-2013
23-05-2013;ATM 0012 Nykredit Lyngby;-6.000,00;N;27.925,39;23-05-2013
23-05-2013;DK-NOTA98514 VIAPLAY;-199,00;N;33.925,39;23-05-2013
22-05-2013;DK-NOTA93657 BARESSO COFFEE;-68,00;N;34.124,39;22-05-2013
22-05-2013;DK-NOTA18865 PLUS1 RØDOVRE PARK;-325,00;N;34.192,39;22-05-2013
22-05-2013;DK-NOTA89412 FØTEX RØDOVRE;-28,00;N;34.517,39;22-05-2013
22-05-2013;DIV FLYTNING;40.000,00;N;34.545,39;22-05-2013
21-05-2013;Overførsel div;2.200,00;N;-5.454,61;21-05-2013
21-05-2013;DK-NOTA76588 IKEA - 121, ECO;-1.614,00;N;-7.654,61;21-05-2013
21-05-2013;DK-NOTA54804 MUSIK-CONDITORIET;-55,00;N;-6.040,61;21-05-2013
21-05-2013;DK-NOTA20130 SUPERB BROSTYK.VEJ;-347,95;N;-5.985,61;21-05-2013
21-05-2013;DK-NOTA25882 BILLETTEN A/S;-301,45;N;-5.637,66;21-05-2013
21-05-2013;DK-NOTA59046 IKEA - 121, ECO;-1.201,00;N;-5.336,21;21-05-2013
21-05-2013;DK-NOTA72141 REMA 1000 STENGÅRD;-474,95;N;-4.135,21;21-05-2013
21-05-2013;DK-NOTA54556 MUSIK-CONDITORIET;-27,00;N;-3.660,26;21-05-2013
21-05-2013;DK-NOTA 1807 ZONETERAPICENTERET;-825,00;N;-3.633,26;21-05-2013
21-05-2013;DK-NOTA 1030 7-ELEVEN B 438;-659,57;N;-2.808,26;21-05-2013
21-05-2013;Overførsel Flyt div;3.200,00;N;-2.148,69;21-05-2013
21-05-2013;ATM 0044 Nykredit Bank;-6.000,00;N;-5.348,69;21-05-2013
17-05-2013;DK-NOTA20169 EUROPARK-2418;-10,50;N;651,31;17-05-2013
16-05-2013;HBONORDIC.COM;-79,00;N;661,81;16-05-2013
16-05-2013;DK-NOTA18559 LETZ SUSHI;-275,00;N;740,81;16-05-2013
15-05-2013;Overførsel Div;3.500,00;N;1.015,81;15-05-2013
14-05-2013;DK-NOTA26599 SHELL SERVICE;-589,31;N;-2.484,19;14-05-2013
13-05-2013;DK-NOTA82195 214 DØGNETTO GENTO;-141,75;N;-1.894,88;13-05-2013
13-05-2013;DK-NOTA11304 MCDONALD'S FAMILIE;-55,00;N;-1.753,13;13-05-2013
13-05-2013;DK-NOTA  874 7-ELEVEN B 438;-274,56;N;-1.698,13;13-05-2013
13-05-2013;DK-NOTA95260 VON FRESSEN APS;-240,00;N;-1.423,57;13-05-2013
13-05-2013;DK-NOTA87748 ASNÆS SUPERBRUGSEN;-199,80;N;-1.183,57;13-05-2013
13-05-2013;DK-NOTA 1797 ZONETERAPICENTERET;-825,00;N;-983,77;13-05-2013
13-05-2013;DK-NOTA87653 ASNÆS SUPERBRUGSEN;-231,65;N;-158,77;13-05-2013
13-05-2013;DK-NOTA41890 FÅREVEJLE SLAGTERF;-78,50;N;72,88;13-05-2013
13-05-2013;DK-NOTA 1580 7-ELEVEN B 488;-614,65;N;151,38;13-05-2013
13-05-2013;DK-NOTA18234 LETZ SUSHI;-220,00;N;766,03;13-05-2013
08-05-2013;DK-NOTA21895 TV 2/DANMARK;-119,00;N;986,03;08-05-2013
08-05-2013;Overførsel Zone;1.000,00;N;1.105,03;08-05-2013
08-05-2013;Overførsel Div;5.000,00;N;105,03;08-05-2013
07-05-2013;DK-NOTA45703 REMA 1000 FÅREVEJL;-166,15;N;-4.894,97;07-05-2013
07-05-2013;Automat  652 NORDEA BANK DANMAR;-1.000,00;N;-4.728,82;07-05-2013
06-05-2013;DK-NOTA58183 MC DONALD´S HVIDOV;-49,50;N;-3.728,82;06-05-2013
06-05-2013;DK-NOTA  686 7-ELEVEN B 438;-337,11;N;-3.679,32;06-05-2013
06-05-2013;DK-NOTA11914 SUPERB BROSTYK.VEJ;-109,95;N;-3.342,21;06-05-2013
06-05-2013;DK-NOTA22574 MCDONALD S FAMILIE;-67,00;N;-3.232,26;06-05-2013
06-05-2013;DK-NOTA45316 IKEA - 094, ECO;-109,00;N;-3.165,26;06-05-2013
06-05-2013;DK-NOTA 7246 LISBETH WESTRING;-240,00;N;-3.056,26;06-05-2013
06-05-2013;DK-NOTA58735 SPAR ORDRUP;-29,90;N;-2.816,26;06-05-2013
06-05-2013;DK-NOTA30629 CAFE BARTOF V/JOAK;-60,00;N;-2.786,36;06-05-2013
06-05-2013;DK-NOTA 1025 ELGIGANTEN 3031;-1.679,00;N;-2.726,36;06-05-2013
06-05-2013;DK-NOTA30473 CAFE BARTOF V/JOAK;-427,00;N;-1.047,36;06-05-2013
06-05-2013;DK-NOTA44687 KVICKLY HVIDOVRE;-216,25;N;-620,36;06-05-2013
06-05-2013;DK-NOTA76467 MAGASIN, LYNGBY;-200,00;N;-404,11;06-05-2013
06-05-2013;DK-NOTA33139 MAGASIN, LYNGBY;-518,95;N;-204,11;06-05-2013
06-05-2013;DK-NOTA62438 1902 KULTURHUSET L;-20,50;N;314,84;06-05-2013
06-05-2013;DK-NOTA 1785 ZONETERAPICENTERET;-825,00;N;335,34;06-05-2013
06-05-2013;DK-NOTA54911 IKEA - 121, ECO;-78,00;N;1.160,34;06-05-2013
06-05-2013;DK-NOTA19821 EUROPARK-2418;-7,50;N;1.238,34;06-05-2013
06-05-2013;DK-NOTA14693 DANSK SHELL- 1633;-589,53;N;1.245,84;06-05-2013
06-05-2013;DK-NOTA30288 CAFE BARTOF V/JOAK;-47,00;N;1.835,37;06-05-2013
06-05-2013;Overførsel Bla hamid;3.000,00;N;1.882,37;06-05-2013
03-05-2013;DK-NOTA30157 CAFE BARTOF V/JOAK;-95,00;N;-1.117,63;03-05-2013
03-05-2013;DK-NOTA34822 MIKKELLER;-180,00;N;-1.022,63;03-05-2013
03-05-2013;DK-NOTA10509 EUROPARK-132;-50,50;N;-842,63;03-05-2013
03-05-2013;DK-NOTA98289 FAKTA 409;-75,45;N;-792,13;03-05-2013
02-05-2013;DK-NOTA55842 CAFE DIVINO I/S;-500,00;N;-716,68;02-05-2013
01-05-2013;DK-NOTA18099 LETZ SUSHI;-225,00;N;-216,68;01-05-2013
01-05-2013;NETFLIX.COM;-79,00;N;8,32;01-05-2013
01-05-2013;DK-NOTA 6584 PARKERING KBH KA;-30,50;N;87,32;01-05-2013
30-04-2013;Fremmed automat i åbningstid;-8,00;N;117,82;30-04-2013
30-04-2013;Overførsel div;1.000,00;N;125,82;30-04-2013
29-04-2013;DK-NOTA72494 214 DØGNETTO GENTO;-87,85;N;-874,18;29-04-2013
29-04-2013;DK-NOTA83965 COSTA SMERALDA;-42,00;N;-786,33;29-04-2013
29-04-2013;DK-NOTA  472 7-ELEVEN B 438;-567,58;N;-744,33;29-04-2013
29-04-2013;DK-NOTA 7871 SUPERB BROSTYK.VEJ;-77,00;N;-176,75;29-04-2013
29-04-2013;DK-NOTA30513 PARKERING KBH IN;-85,50;N;-99,75;29-04-2013
29-04-2013;DK-NOTA13508 REST. INDUS 11;-165,00;N;-14,25;29-04-2013
29-04-2013;DK-NOTA32826 IRMA STENGÅRDS A;-209,75;N;150,75;29-04-2013
25-04-2013;DK-NOTA29843 KORN BAGERI S.M.B.;-65,00;N;360,50;25-04-2013
25-04-2013;Overførsel div;2.500,00;N;425,50;25-04-2013
25-04-2013;DK-NOTA 1776 ZONETERAPICENTERET;-825,00;N;-2.074,50;25-04-2013
25-04-2013;DK-NOTA92048 FAKTA 409;-178,15;N;-1.249,50;25-04-2013
25-04-2013;Automat  194 NORDEA BANK DANMAR;-1.000,00;N;-1.071,35;25-04-2013
24-04-2013;DK-NOTA 6558 PARKERING KBH KA;-25,50;N;-71,35;24-04-2013
23-04-2013;DK-NOTA 4680 OMAKASE SUSHI V/SI;-230,00;N;-45,85;23-04-2013
23-04-2013;DK-NOTA94858 VIAPLAY;-199,00;N;184,15;23-04-2013
23-04-2013;DK-NOTA90493 FAKTA 409;-56,20;N;383,15;23-04-2013
23-04-2013;Overførsel div;2.000,00;N;439,35;23-04-2013
22-04-2013;DK-NOTA64013 MCDONALD'S FAMILIE;-57,50;N;-1.560,65;22-04-2013
22-04-2013;DK-NOTA27542 KVICKLY HVIDOVRE;-197,15;N;-1.503,15;22-04-2013
22-04-2013;DK-NOTA23423 PARKERING KBH IØ;-35,50;N;-1.306,00;22-04-2013
22-04-2013;DK-NOTA12775 PARKERING KBH KA;-40,50;N;-1.270,50;22-04-2013
22-04-2013;DK-NOTA19473 EUROPARK-2418;-10,50;N;-1.230,00;22-04-2013
22-04-2013;DK-NOTA 1063 7-ELEVEN B 438;-630,75;N;-1.219,50;22-04-2013
19-04-2013;DK-NOTA27342 CAFE BARTOF V/JOAK;-227,00;N;-588,75;19-04-2013
19-04-2013;DK-NOTA 1765 ZONETERAPICENTERET;-825,00;N;-361,75;19-04-2013
19-04-2013;DK-NOTA27266 CAFE BARTOF V/JOAK;-30,00;N;463,25;19-04-2013
19-04-2013;DK-NOTA8-103 NBT.DK;-201,45;N;493,25;19-04-2013
17-04-2013;DK-NOTA26479 KVICKLY HVIDOVRE;-157,10;N;694,70;17-04-2013
17-04-2013;DK-NOTA 4450 OMAKASE SUSHI V/SI;-230,00;N;851,80;17-04-2013
15-04-2013;DK-NOTA20146 TANK KAI DIGE BACH;-50,20;N;1.081,80;15-04-2013
15-04-2013;DK-NOTA46897 SHELL SERVICE;-525,30;N;1.132,00;15-04-2013
15-04-2013;DK-NOTA46919 KRUDTTØNDEN;-240,00;N;1.657,30;15-04-2013
15-04-2013;Overførsel Div;7.000,00;N;1.897,30;15-04-2013
12-04-2013;DK-NOTA83399 SUPERBEST, ØSTERBR;-189,40;N;-5.102,70;12-04-2013
12-04-2013;DK-NOTA51081 Z-SUSHI;-236,00;N;-4.913,30;12-04-2013
12-04-2013;DK-NOTA19266 EUROPARK-2418;-90,50;N;-4.677,30;12-04-2013
12-04-2013;DK-NOTA78109 FØTEX LAUTRUP CENT;-272,57;N;-4.586,80;12-04-2013
12-04-2013;Automat  714 NORDEA BANK DANMAR;-1.000,00;N;-4.314,23;12-04-2013
11-04-2013;DK-NOTA11634 PARKERING KBH IN;-17,50;N;-3.314,23;11-04-2013
11-04-2013;DK-NOTA 6497 PARKERING KBH KA;-40,50;N;-3.296,73;11-04-2013
11-04-2013;HBONORDIC.COM;-79,00;N;-3.256,23;11-04-2013
11-04-2013;DK-NOTA 1759 ZONETERAPICENTERET;-550,00;N;-3.177,23;11-04-2013
10-04-2013;DK-NOTA 2277 ARTISTKOKKEN CAFE;-98,00;N;-2.627,23;10-04-2013
09-04-2013;DK-NOTA23487 KVICKLY HVIDOVRE;-311,56;N;-2.529,23;09-04-2013
08-04-2013;DK-NOTA44394 NETTO VANGEDE;-77,92;N;-2.217,67;08-04-2013
08-04-2013;DK-NOTA  675 MCDONALD'S FAMILIE;-57,50;N;-2.139,75;08-04-2013
08-04-2013;DK-NOTA11133 TV 2/DANMARK;-119,00;N;-2.082,25;08-04-2013
08-04-2013;DK-NOTA 9918 7-ELEVEN B 438;-709,70;N;-1.963,25;08-04-2013
08-04-2013;DK-NOTA14341 MEYERS BAGERI APS;-135,00;N;-1.253,55;08-04-2013
08-04-2013;DK-NOTA23229 PARKERING KBH IØ;-30,50;N;-1.118,55;08-04-2013
05-04-2013;DK-NOTA34059 KVICKLY HVIDOVRE;-111,05;N;-1.088,05;05-04-2013
05-04-2013;DK-NOTA30922 MIKKELLER;-95,00;N;-977,00;05-04-2013
05-04-2013;DK-NOTA77070 MIKKELLER;-110,00;N;-882,00;05-04-2013
05-04-2013;DK-NOTA21321 BARBAR BAR I/S;-24,00;N;-772,00;05-04-2013
05-04-2013;DK-NOTA75954 JOE & THE JUICE;-178,00;N;-748,00;05-04-2013
05-04-2013;DK-NOTA 7563 EUROPARK-132;-140,50;N;-570,00;05-04-2013
04-04-2013;DK-NOTA21363 KVICKLY HVIDOVRE;-140,40;N;-429,50;04-04-2013
04-04-2013;DK-NOTA 9788 7-ELEVEN B 438;-687,17;N;-289,10;04-04-2013
03-04-2013;DK-NOTA 1742 ZONETERAPICENTERET;-495,00;N;398,07;03-04-2013
03-04-2013;DK-NOTA 1740 ZONETERAPICENTERET;-55,00;N;893,07;03-04-2013
03-04-2013;DK-NOTA 6475 PARKERING KBH KA;-45,50;N;948,07;03-04-2013
03-04-2013;WWW.NETFLIX.COM;-79,00;N;993,57;03-04-2013
02-04-2013;DK-NOTA71860 KVICKLY HVIDOVRE;-220,00;N;1.072,57;02-04-2013
02-04-2013;DK-NOTA76766 FAKTA 409;-93,50;N;1.292,57;02-04-2013
02-04-2013;Overførsel z;2.000,00;N;1.386,07;02-04-2013
02-04-2013;DK-NOTA27549 SUPERB BROSTYK.VEJ;-92,70;N;-613,93;02-04-2013
02-04-2013;DK-NOTA29170 SOKKELUND APS;-76,00;N;-521,23;02-04-2013
02-04-2013;DK-NOTA67542 COSTASMERALDA PIZZ;-115,00;N;-445,23;02-04-2013
02-04-2013;DK-NOTA91803 SUPERB BROSTYK.VEJ;-170,40;N;-330,23;02-04-2013
02-04-2013;DK-NOTA  935 7-ELEVEN B 438;-597,81;N;-159,83;02-04-2013
02-04-2013;DK-NOTA74122 FAKTA 409;-248,00;N;437,98;02-04-2013
02-04-2013;DK-NOTA 7360 DK HOSTMASTER A/S;-45,00;N;685,98;02-04-2013
02-04-2013;DK-NOTA 7360 DK HOSTMASTER A/S;-45,00;N;730,98;02-04-2013
02-04-2013;DK-NOTA5286  OMAKASE.DK;-300,00;N;775,98;02-04-2013
02-04-2013;DK-NOTA 1737 ZONETERAPICENTERET;-550,00;N;1.075,98;02-04-2013
02-04-2013;Overførsel div;1.500,00;N;1.625,98;02-04-2013
27-03-2013;Rente;-20,60;N;125,98;01-04-2013
27-03-2013;DK-NOTA 9590 7-ELEVEN B 438;-662,99;N;146,58;27-03-2013
27-03-2013;Fremmed automat i åbningstid;-4,00;N;809,57;27-03-2013
26-03-2013;DK-NOTA55408 SUPERBRUGSEN MATTH;-75,19;N;813,57;26-03-2013
26-03-2013;DK-NOTA5254  OMAKASE.DK;-305,00;N;888,76;26-03-2013
25-03-2013;DK-NOTA69856 KVICKLY HVIDOVRE;-201,10;N;1.193,76;25-03-2013
25-03-2013;DK-NOTA91072 VIAPLAY;-199,00;N;1.394,86;25-03-2013
21-03-2013;DK-NOTA17031 KVICKLY HVIDOVRE;-119,45;N;1.593,86;21-03-2013
21-03-2013;DK-NOTA 1730 ZONETERAPICENTERET;-550,00;N;1.713,31;21-03-2013
21-03-2013;Overførsel z;2.000,00;N;2.263,31;21-03-2013
21-03-2013;DK-NOTA42704 SALUMERIA;-60,00;N;263,31;21-03-2013
19-03-2013;DK-NOTA16388 KVICKLY HVIDOVRE;-185,07;N;323,31;19-03-2013
19-03-2013;DK-NOTA95273 KIOSK T B;-100,00;N;508,38;19-03-2013
19-03-2013;DK-NOTA48764 214 DØGNETTO GENTO;-73,71;N;608,38;19-03-2013
18-03-2013;DK-NOTA41903 MCDONALD'S FAMILIE;-55,50;N;682,09;18-03-2013
18-03-2013;DK-NOTA22272 CAFE BARTOF V/JOAK;-150,00;N;737,59;18-03-2013
18-03-2013;DK-NOTA22262 CAFE BARTOF V/JOAK;-108,00;N;887,59;18-03-2013
18-03-2013;Overførsel Div;1.600,00;N;995,59;18-03-2013
15-03-2013;DK-NOTA 8284 EUREST;-45,00;N;-604,41;15-03-2013
15-03-2013;DK-NOTA11462 THAI RESTAURANT SI;-204,00;N;-559,41;15-03-2013
15-03-2013;DK-NOTA18688 EUROPARK-2418;-75,50;N;-355,41;15-03-2013
15-03-2013;DK-NOTA  851 7-ELEVEN B 438;-596,24;N;-279,91;15-03-2013
14-03-2013;DK-NOTA65110 KVICKLY HVIDOVRE;-221,70;N;316,33;14-03-2013
14-03-2013;DK-NOTA 1721 ZONETERAPICENTERET;-550,00;N;538,03;14-03-2013
13-03-2013;DK-NOTA42235 SALUMERIA;-63,00;N;1.088,03;13-03-2013
12-03-2013;DK-NOTA12515 PARKERING KBH KA;-80,50;N;1.151,03;12-03-2013
12-03-2013;DK-NOTA24964 TASTE OF THAI V/JI;-65,00;N;1.231,53;12-03-2013
12-03-2013;OVERF. SKAT §38/6004;1.749,33;N;1.296,53;12-03-2013
11-03-2013;DK-NOTA 9452 BALLERUP KOMMUNE;-626,00;N;-452,80;11-03-2013
11-03-2013;DK-NOTA71168 FØTEX BALLERUP;-45,00;N;173,20;11-03-2013
11-03-2013;DK-NOTA 6483 PHOTOCARE;-95,00;N;218,20;11-03-2013
11-03-2013;Overførsel Div;1.000,00;N;313,20;11-03-2013
11-03-2013;DK-NOTA 1054 TV 2/DANMARK;-119,00;N;-686,80;11-03-2013
11-03-2013;DK-NOTA 9137 7-ELEVEN B 438;-570,51;N;-567,80;11-03-2013
11-03-2013;WWW.ADLIBRIS.COM;-719,00;N;2,71;11-03-2013
08-03-2013;DK-NOTA63478 KVICKLY HVIDOVRE;-106,80;N;721,71;08-03-2013
08-03-2013;DK-NOTA18475 EUROPARK-2418;-15,50;N;828,51;08-03-2013
07-03-2013;DK-NOTA63158 FAKTA 409;-122,65;N;844,01;07-03-2013
05-03-2013;DK-NOTA 8758 IRMA RØDOVRECENT.;-233,25;N;966,66;05-03-2013
05-03-2013;DK-NOTA42557 214 DØGNETTO GENTO;-37,40;N;1.199,91;05-03-2013
04-03-2013;DK-NOTA72960 4SOUND;-30,00;N;1.237,31;04-03-2013
04-03-2013;DK-NOTA98037 DANSKE SPIL;-400,00;N;1.267,31;04-03-2013
04-03-2013;DK-NOTA 8923 7-ELEVEN B 438;-369,81;N;1.667,31;04-03-2013
04-03-2013;Overførsel Alt muligt;7.000,00;N;2.037,12;04-03-2013
01-03-2013;DK-NOTA97948 ØKO-BAGERIET;-27,00;N;-4.962,88;01-03-2013
01-03-2013;DK-NOTA73385 DKUUG;-702,15;N;-4.935,88;01-03-2013
01-03-2013;DK-NOTA16332 PARKERING KBH IN;-21,50;N;-4.233,73;01-03-2013
01-03-2013;Automat  812 DANSKE BANK;-1.000,00;N;-4.212,23;01-03-2013
28-02-2013;DK-NOTA30558 KVICKLY HVIDOVRE;-88,95;N;-3.212,23;28-02-2013
28-02-2013;Fremmed automat i åbningstid;-4,00;N;-3.123,28;28-02-2013
28-02-2013;DK-NOTA 1704 ZONETERAPICENTERET;-550,00;N;-3.119,28;28-02-2013
27-02-2013;DK-NOTA 8832 7-ELEVEN B 438;-575,08;N;-2.569,28;27-02-2013
26-02-2013;DK-NOTA 4921 IRMA RØDOVRECENT.;-236,00;N;-1.994,20;26-02-2013
26-02-2013;DK-NOTA18412 RØDOVRE APOTEK;-1.727,70;N;-1.758,20;26-02-2013
25-02-2013;DK-NOTA10153 MCDONALD'S GLADSAX;-57,50;N;-30,50;25-02-2013
25-02-2013;DK-NOTA 6980 LISBETH WESTRING;-379,00;N;27,00;25-02-2013
25-02-2013;DK-NOTA18723 CAFE BARTOF V/JOAK;-97,00;N;406,00;25-02-2013
25-02-2013;DK-NOTA87706 VIAPLAY;-199,00;N;503,00;25-02-2013
25-02-2013;Overførsel div;1.500,00;N;702,00;25-02-2013
22-02-2013;DK-NOTA 8703 7-ELEVEN B 438;-728,25;N;-798,00;22-02-2013
22-02-2013;DK-NOTA18258 CAFE BARTOF V/JOAK;-272,00;N;-69,75;22-02-2013
21-02-2013;DK-NOTA59391 KVICKLY HVIDOVRE;-147,00;N;202,25;21-02-2013
20-02-2013;DK-NOTA10823 THAI RESTAURANT SI;-148,00;N;349,25;20-02-2013
20-02-2013;DK-NOTA18117 EUROPARK-2418;-70,50;N;497,25;20-02-2013
19-02-2013;DK-NOTA28007 KVICKLY HVIDOVRE;-90,75;N;567,75;19-02-2013
18-02-2013;Overførsel div;2.000,00;N;658,50;18-02-2013
18-02-2013;DK-NOTA99539 KVICKLY HVIDOVRE;-174,24;N;-1.341,50;18-02-2013
18-02-2013;DK-NOTA 4211 KVICKLY HVIDOVRE;-156,30;N;-1.167,26;18-02-2013
18-02-2013;DK-NOTA  690 7-ELEVEN B 438;-353,22;N;-1.010,96;18-02-2013
15-02-2013;DK-NOTA 2700 EUROPARK-132;-45,50;N;-657,74;15-02-2013
15-02-2013;DK-NOTA 1685 ZONETERAPICENTERET;-550,00;N;-612,24;15-02-2013
15-02-2013;DK-NOTA49161 FØTEX RØDOVRE;-114,35;N;-62,24;15-02-2013
15-02-2013;DK-NOTA92639 SKAT.DK;-340,00;N;52,11;15-02-2013
15-02-2013;DK-NOTA20363 SACHI SUSHI RESTAU;-524,00;N;392,11;15-02-2013
13-02-2013;DK-NOTA42821 FAKTA 409;-45,90;N;916,11;13-02-2013
13-02-2013;Overførsel Div;1.000,00;N;962,01;13-02-2013
13-02-2013;DK-NOTA 2432 KVICKLY HVIDOVRE;-92,75;N;-37,99;13-02-2013
12-02-2013;Overførsel div;2.500,00;N;54,76;12-02-2013
12-02-2013;DK-NOTA91715 BILLETLUGEN;-1.182,63;N;-2.445,24;12-02-2013
12-02-2013;DK-NOTA 8454 7-ELEVEN B 438;-628,17;N;-1.262,61;12-02-2013
12-02-2013;DK-NOTA41643 FAKTA 409;-68,70;N;-634,44;12-02-2013
11-02-2013;DK-NOTA93741 ØKO-BAGERIET;-78,00;N;-565,74;11-02-2013
11-02-2013;DK-NOTA60153 GRATISDNS.DK;-501,95;N;-487,74;11-02-2013
11-02-2013;DK-NOTA35847 KINA GRILL;-101,00;N;14,21;11-02-2013
11-02-2013;DK-NOTA22493 PARKERING KBH IØ;-31,50;N;115,21;11-02-2013
08-02-2013;DK-NOTA24842 IRMA RØDOVRECENT.;-230,00;N;146,71;08-02-2013
08-02-2013;DK-NOTA17921 EUROPARK-2418;-15,50;N;376,71;08-02-2013
07-02-2013;DK-NOTA88119 THE TACO SHOP;-80,00;N;392,21;07-02-2013
06-02-2013;DK-NOTA23254 KVICKLY HVIDOVRE;-188,65;N;472,21;06-02-2013
06-02-2013;DK-NOTA77204 SHELL EXPRESS-9319;-500,52;N;660,86;06-02-2013
06-02-2013;DK-NOTA95426 IRMA LYNGBYHOVEDG.;-91,00;N;1.161,38;06-02-2013
05-02-2013;DK-NOTA22850 KVICKLY HVIDOVRE;-85,10;N;1.252,38;05-02-2013
04-02-2013;DK-NOTA36238 FAKTA 409;-131,70;N;1.337,48;04-02-2013
04-02-2013;DK-NOTA39777 MC DONALD´S HVIDOV;-65,00;N;1.469,18;04-02-2013
04-02-2013;DK-NOTA22415 PARKERING KBH IØ;-35,50;N;1.534,18;04-02-2013
04-02-2013;DK-NOTA 7337 SYNOPTIK A/S;-3.974,73;N;1.569,68;04-02-2013
04-02-2013;DK-NOTA53518 KVICKLY HVIDOVRE;-108,65;N;5.544,41;04-02-2013
04-02-2013;Overførsel Benz, brill;7.000,00;N;5.653,06;04-02-2013
01-02-2013;DK-NOTA87503 THE TACO SHOP;-80,00;N;-1.346,94;01-02-2013
01-02-2013;DK-NOTA35434 OK RYESGADE;-562,41;N;-1.266,94;01-02-2013
01-02-2013;Automat  149 NORDEA BANK DANMAR;-1.000,00;N;-704,53;01-02-2013
31-01-2013;Fremmed automat i åbningstid;-4,00;N;295,47;31-01-2013
31-01-2013;DK-NOTA33388 FAKTA 409;-64,45;N;299,47;31-01-2013
30-01-2013;Overførsel div;3.000,00;N;363,92;30-01-2013
29-01-2013;DK-NOTA31382 MAD MED MERE;-71,00;N;-2.636,08;29-01-2013
29-01-2013;PAYPAL *SOOCIAL B V;-288,37;N;-2.565,08;29-01-2013
28-01-2013;DK-NOTA96109 KVICKLY HVIDOVRE;-209,25;N;-2.276,71;28-01-2013
28-01-2013;DK-NOTA87288 COMPUTERCITY;-299,00;N;-2.067,46;28-01-2013
28-01-2013;DK-NOTA66912 SILVAN A/S;-589,85;N;-1.768,46;28-01-2013
28-01-2013;DK-NOTA86903 THE TACO SHOP;-80,00;N;-1.178,61;28-01-2013
28-01-2013;DK-NOTA17988 NETTO SØLVGADE;-106,30;N;-1.098,61;28-01-2013
28-01-2013;DK-NOTAC3114 BILLETNET A/S;-803,25;N;-992,31;28-01-2013
28-01-2013;DK-NOTA 8032 7-ELEVEN B 438;-129,00;N;-189,06;28-01-2013
25-01-2013;DK-NOTA82425 IRMA RØDOVRECENT.;-260,00;N;-60,06;25-01-2013
24-01-2013;DK-NOTA18331 KVICKLY HVIDOVRE;-66,00;N;199,94;24-01-2013
24-01-2013;DK-NOTA 3169 HVIDOVRE APOTEK;-85,60;N;265,94;24-01-2013
24-01-2013;Overførsel div;1.000,00;N;351,54;24-01-2013
23-01-2013;DK-NOTA18171 KVICKLY HVIDOVRE;-226,05;N;-648,46;23-01-2013
22-01-2013;DK-NOTA84006 VIAPLAY;-199,00;N;-422,41;22-01-2013
22-01-2013;DK-NOTA27781 FAKTA 409;-250,20;N;-223,41;22-01-2013
21-01-2013;DK-NOTA93771 KVICKLY HVIDOVRE;-217,60;N;26,79;21-01-2013
18-01-2013;DK-NOTA25432 FAKTA 409;-181,35;N;244,39;18-01-2013
17-01-2013;Overførsel flyt;4.000,00;N;425,74;17-01-2013
17-01-2013;DK-NOTA 7777 7-ELEVEN B 438;-489,51;N;-3.574,26;17-01-2013
16-01-2013;DK-NOTA62186 MAGASIN, RØDOVRE;-100,00;N;-3.084,75;16-01-2013
16-01-2013;DK-NOTA24367 IRMA RØDOVRECENT.;-165,00;N;-2.984,75;16-01-2013
15-01-2013;DK-NOTA53885 FAKTA 409;-109,90;N;-2.819,75;15-01-2013
15-01-2013;Automat  437 ARBEJDERNES LANDSB;-2.000,00;N;-2.709,85;15-01-2013
15-01-2013;L30-9401657;286,00;N;-709,85;15-01-2013
15-01-2013;L10-9418056;111,00;N;-995,85;15-01-2013
14-01-2013;DK-NOTA35033 KEBABISTAN I/S;-110,00;N;-1.106,85;14-01-2013
14-01-2013;DK-NOTA 1388 CAFE VOGELKOP;-60,00;N;-996,85;14-01-2013
14-01-2013;DK-NOTA34821 KEBABISTAN I/S;-53,00;N;-936,85;14-01-2013
14-01-2013;DK-NOTA10527 SHURGARD DENMARK;-63,00;N;-883,85;14-01-2013
10-01-2013;DK-NOTA50131 IRMA RØDOVRECENT.;-116,25;N;-820,85;10-01-2013
10-01-2013;DK-NOTA14912 RØDOVRE APOTEK;-234,00;N;-704,60;10-01-2013
09-01-2013;DK-NOTA10517 SHURGARD DENMARK;-162,00;N;-470,60;09-01-2013
09-01-2013;DK-NOTA72615 TANK KAI DIGE BACH;-555,50;N;-308,60;09-01-2013
08-01-2013;Overførsel Div;1.500,00;N;246,90;08-01-2013
07-01-2013;DK-NOTA99225 SUPERBRUGSEN MATTH;-213,32;N;-1.253,10;07-01-2013
07-01-2013;DK-NOTA79343 BILLETTEN A/S;-732,18;N;-1.039,78;07-01-2013
04-01-2013;DK-NOTA47448 KVICKLY ALLERØD;-250,05;N;-307,60;04-01-2013
04-01-2013;DK-NOTA29042 ALLERØD BOGHANDEL;-60,00;N;-57,55;04-01-2013
04-01-2013;DK-NOTA36047 ALLERØD APOTEK;-280,75;N;2,45;04-01-2013
04-01-2013;Overførsel div;1.000,00;N;283,20;04-01-2013
04-01-2013;DK-NOTA78153 TDC YOUSEE;-39,70;N;-716,80;04-01-2013
03-01-2013;DK-NOTA25251 DYREHAVEN;-186,00;N;-677,10;03-01-2013
02-01-2013;DK-NOTA70610 SUPERBRUGSEN MATTH;-225,65;N;-491,10;02-01-2013
02-01-2013;DK-NOTA41536 PARKERING KBH ØV;-75,50;N;-265,45;02-01-2013
02-01-2013;DK-NOTA67384 SUPERBRUGSEN MATTH;-256,70;N;-189,95;02-01-2013
02-01-2013;DK-NOTA41513 PARKERING KBH ØV;-45,50;N;66,75;02-01-2013
02-01-2013;DK-NOTA22249 BARESSO COFFEE A/S;-100,00;N;112,25;02-01-2013
02-01-2013;Overførsel Div;3.000,00;N;212,25;02-01-2013
28-12-2012;DK-NOTA3281  OMAKASE.DK;-495,00;N;-2.787,75;28-12-2012
28-12-2012;Rente;-49,05;N;-2.292,75;01-01-2013
28-12-2012;Fremmed automat i åbningstid;-4,00;N;-2.243,70;28-12-2012
28-12-2012;DK-NOTA19230 PARKERING KBH KN-G;-50,50;N;-2.239,70;28-12-2012
27-12-2012;DK-NOTA15532 PARKERING KBH ØV;-105,50;N;-2.189,20;27-12-2012
27-12-2012;DK-NOTA21955 PARKERING KBH IØ;-15,50;N;-2.083,70;27-12-2012
27-12-2012;DK-NOTA92276 SUPERBRUGSEN MATTH;-171,35;N;-2.068,20;27-12-2012
27-12-2012;DK-NOTA66295 IRMA LYNGBYHOVEDG.;-236,00;N;-1.896,85;27-12-2012
27-12-2012;DK-NOTA49984 BOG & IDÉ LYNGBY;-879,80;N;-1.660,85;27-12-2012
27-12-2012;DK-NOTA21821 FONA DK 10021;-259,80;N;-781,05;27-12-2012
27-12-2012;DK-NOTA29401 MAGASIN, LYNGBY;-145,00;N;-521,25;27-12-2012
27-12-2012;DK-NOTA 3398 Q8 SERVICE - 8006;-555,05;N;-376,25;27-12-2012
27-12-2012;DK-NOTA12245 VEGA - MUSIKKENS H;-30,00;N;178,80;27-12-2012
27-12-2012;DK-NOTA10098 VEGA - MUSIKKENS H;-90,00;N;208,80;27-12-2012
27-12-2012;DK-NOTA21809 DYREHAVEN;-120,00;N;298,80;27-12-2012
27-12-2012;DK-NOTA91808 SUPERBRUGSEN MATTH;-260,65;N;418,80;27-12-2012
27-12-2012;Overførsel jul;3.000,00;N;679,45;27-12-2012
21-12-2012;DK-NOTA16919 EUROPARK-2418;-15,50;N;-2.320,55;21-12-2012
20-12-2012;DK-NOTA72914 PALADS TEATRET;-315,00;N;-2.305,05;20-12-2012
20-12-2012;DK-NOTA14244 TIVOLI A/S;-182,50;N;-1.990,05;20-12-2012
19-12-2012;DK-NOTA63719 SUPERBRUGSEN MATTH;-177,65;N;-1.807,55;19-12-2012
18-12-2012;DK-NOTA15876 PLUS1 RØDOVRE PARK;-305,04;N;-1.629,90;18-12-2012
17-12-2012;DK-NOTA10388 SHURGARD DENMARK;-867,00;N;-1.324,86;17-12-2012
17-12-2012;DK-NOTA25944 SUPERBRUGSEN MATTH;-74,95;N;-457,86;17-12-2012
17-12-2012;DK-NOTA29340 METRO SLUSEHOLMEN;-482,41;N;-382,91;17-12-2012
17-12-2012;DK-NOTA84098 ESTATE COFFEE;-64,00;N;99,50;17-12-2012
17-12-2012;DK-NOTA13621 TIVOLI A/S;-158,00;N;163,50;17-12-2012
17-12-2012;Overførsel dec;3.000,00;N;321,50;17-12-2012
14-12-2012;DK-NOTA16770 EUROPARK-2418;-10,50;N;-2.678,50;14-12-2012
14-12-2012;DK-NOTA42606 RESTAURANT BUTTERF;-261,00;N;-2.668,00;14-12-2012
14-12-2012;Automat  670 NORDEA BANK DANMAR;-1.000,00;N;-2.407,00;14-12-2012
13-12-2012;DK-NOTA12294 PARKERING KBH IN;-15,50;N;-1.407,00;13-12-2012
13-12-2012;DK-NOTA  549 NEMLIG.COM;-779,35;N;-1.391,50;13-12-2012
11-12-2012;DK-NOTA59167 SUPERBRUGSEN MATTH;-61,95;N;-612,15;11-12-2012
11-12-2012;DK-NOTA16087 METRO GLOSTRUP;-594,90;N;-550,20;11-12-2012
11-12-2012;DK-NOTA97490 214 DØGNETTO GENTO;-251,90;N;44,70;11-12-2012
10-12-2012;DK-NOTA60961 TANK KAI DIGE BACH;-58,45;N;296,60;10-12-2012
10-12-2012;DK-NOTA67081 DK HOSTMASTER A/S;-45,00;N;355,05;10-12-2012
10-12-2012;DK-NOTA17t0r BILLETTO.DK;-86,24;N;400,05;10-12-2012
10-12-2012;Overførsel div;1.000,00;N;486,29;10-12-2012
05-12-2012;DK-NOTA83712 SUPERBRUGSEN MATTH;-149,56;N;-513,71;05-12-2012
05-12-2012;DK-NOTA21716 PARKERING KBH IØ;-20,50;N;-364,15;05-12-2012
05-12-2012;DK-NOTA16533 EUROPARK-2418;-10,50;N;-343,65;05-12-2012
05-12-2012;DK-NOTA58704 TANK KAI DIGE BACH;-576,04;N;-333,15;05-12-2012
05-12-2012;DK-NOTA65547 TDC YOUSEE;-39,70;N;242,89;05-12-2012
05-12-2012;DK-NOTA83273 SUPERBRUGSEN MATTH;-228,91;N;282,59;05-12-2012
03-12-2012;DK-NOTA85785 MCDONALD'S FAMILIE;-57,50;N;511,50;03-12-2012
03-12-2012;DK-NOTA81238 SUPERBRUGSEN MATTH;-212,37;N;569,00;03-12-2012
30-11-2012;Overførsel md;2.000,00;N;781,37;30-11-2012
28-11-2012;DK-NOTA16377 EUROPARK-2418;-20,50;N;-1.218,63;28-11-2012
28-11-2012;DK-NOTA18831 FDM TEST OG BILSYN;-510,00;N;-1.198,13;28-11-2012
27-11-2012;DK-NOTA78340 SUPERBRUGSEN MATTH;-187,30;N;-688,13;27-11-2012
26-11-2012;DK-NOTA81898 MCDONALD'S FAMILIE;-57,50;N;-500,83;26-11-2012
26-11-2012;DK-NOTA77791 ØKO-BAGERIET;-43,50;N;-443,33;26-11-2012
26-11-2012;DK-NOTA 5487 CAFE BARTOF V/JOAK;-50,00;N;-399,83;26-11-2012
26-11-2012;DK-NOTA 5472 CAFE BARTOF V/JOAK;-200,00;N;-349,83;26-11-2012
26-11-2012;DK-NOTA 5392 CAFE BARTOF V/JOAK;-60,00;N;-149,83;26-11-2012
26-11-2012;DK-NOTA 5382 CAFE BARTOF V/JOAK;-50,00;N;-89,83;26-11-2012
26-11-2012;DK-NOTA54733 IRMA CODANHUS 2301;-173,80;N;-39,83;26-11-2012
26-11-2012;Overførsel md;6.000,00;N;133,97;26-11-2012
23-11-2012;DK-NOTA13637 SUPERBRUGSEN MATTH;-122,45;N;-5.866,03;23-11-2012
21-11-2012;DK-NOTA42555 KRUDTTØNDEN;-35,00;N;-5.743,58;21-11-2012
21-11-2012;DK-NOTA49661 TACO SHOP 2;-85,00;N;-5.708,58;21-11-2012
21-11-2012;DK-NOTA16279 EUROPARK-2418;-65,50;N;-5.623,58;21-11-2012
21-11-2012;DK-NOTA 6186 PARKERING KBH KA;-50,50;N;-5.558,08;21-11-2012
20-11-2012;DK-NOTA76462 ØKO-BAGERIET;-30,00;N;-5.507,58;20-11-2012
20-11-2012;DK-NOTA48286 MAGASIN, RØDOVRE;-100,00;N;-5.477,58;20-11-2012
20-11-2012;DK-NOTA  429 RØDOVRE APOTEK;-371,00;N;-5.377,58;20-11-2012
19-11-2012;DK-NOTA20552 PARKERING KBH NV-G;-45,50;N;-5.006,58;19-11-2012
19-11-2012;DK-NOTA22639 TACO DINER;-75,00;N;-4.961,08;19-11-2012
19-11-2012;DK-NOTA 1099 DSB 7-ELEVEN KBH H;-216,95;N;-4.886,08;19-11-2012
19-11-2012;DK-NOTA 1637 Q8 SERVICE - 8006;-587,03;N;-4.669,13;19-11-2012
19-11-2012;DK-NOTA72001 SUPERBRUGSEN MATTH;-284,25;N;-4.082,10;19-11-2012
19-11-2012;DK-NOTA34301 KINA GRILL;-82,00;N;-3.797,85;19-11-2012
19-11-2012;DK-NOTA57147 TDC YOUSEE;-39,70;N;-3.715,85;19-11-2012
16-11-2012;DK-NOTA 7853 BOUTIQUE LIZE;-55,00;N;-3.676,15;16-11-2012
16-11-2012;DK-NOTA56352 BILLETTEN A/S;-356,81;N;-3.621,15;16-11-2012
15-11-2012;DK-NOTA56349 BILLETTEN A/S;-176,63;N;-3.264,34;15-11-2012
14-11-2012;DK-NOTA 5006 IRMA RØDOVRECENT.;-202,96;N;-3.087,71;14-11-2012
12-11-2012;DK-NOTA 7451 EUREST;-50,00;N;-2.884,75;12-11-2012
12-11-2012;DK-NOTA86419 SUPERBRUGSEN MATTH;-154,95;N;-2.834,75;12-11-2012
12-11-2012;DK-NOTA68031 SUPERBRUGSEN MATTH;-195,15;N;-2.679,80;12-11-2012
12-11-2012;DK-NOTA61587 CAFE OSCAR;-266,00;N;-2.484,65;12-11-2012
09-11-2012;DK-NOTA2238  OMAKASE.DK;-395,00;N;-2.218,65;09-11-2012
08-11-2012;DK-NOTA37549 SUPERBRUGSEN MATTH;-115,60;N;-1.823,65;08-11-2012
07-11-2012;DK-NOTA40091 PARKERING KBH ØV;-30,50;N;-1.708,05;07-11-2012
07-11-2012;DK-NOTA15953 EUROPARK-2418;-10,50;N;-1.677,55;07-11-2012
05-11-2012;DK-NOTA78627 MCDONALD'S GLADSAX;-34,50;N;-1.667,05;05-11-2012
05-11-2012;DK-NOTA 2071 METRO GLOSTRUP;-304,78;N;-1.632,55;05-11-2012
05-11-2012;DK-NOTA  697 Q8 SERVICE - 8006;-546,62;N;-1.327,77;05-11-2012
05-11-2012;DK-NOTA16455 MAD MED MERE;-80,00;N;-781,15;05-11-2012
01-11-2012;DK-NOTA93487 IRMA RØDOVRECENT.;-201,50;N;-701,15;01-11-2012
01-11-2012;DK-NOTA72173 RØDOVRE ISENKRAM;-239,85;N;-499,65;01-11-2012
01-11-2012;DK-NOTA74535 REJSEKORT-WEBSALG;-300,00;N;-259,80;01-11-2012
31-10-2012;DK-NOTA33963 KINA GRILL;-101,00;N;40,20;31-10-2012
31-10-2012;DK-NOTA15833 EUROPARK-2418;-12,50;N;141,20;31-10-2012
29-10-2012;DK-NOTA85028 KIHOSKH A/S;-130,00;N;153,70;29-10-2012
29-10-2012;DK-NOTA69010 SUPERBRUGSEN MATTH;-192,85;N;283,70;29-10-2012
29-10-2012;DK-NOTA23578 MAGASIN, KGS NYTOR;-225,00;N;476,55;29-10-2012
29-10-2012;DK-NOTA10905 SPORT-MASTER VESTE;-170,00;N;701,55;29-10-2012
29-10-2012;DK-NOTA11380 PARKERING KBH KA;-75,50;N;871,55;29-10-2012
29-10-2012;Overførsel 81134285028;2.500,00;N;947,05;29-10-2012
26-10-2012;DK-NOTA14981 PARKERING KBH IN;-17,50;N;-1.552,95;26-10-2012
25-10-2012;DK-NOTA20437 FØTEX VESTERBROGAD;-250,62;N;-1.535,45;25-10-2012
24-10-2012;DK-NOTA15506 EUROPARK-2418;-10,50;N;-1.284,83;24-10-2012
24-10-2012;DK-NOTA9084  TAXA 4 X 35;-53,00;N;-1.274,33;24-10-2012
23-10-2012;DK-NOTA62630 SUPERB HALMTORVET;-100,00;N;-1.221,33;23-10-2012
22-10-2012;DK-NOTA72692 DØGNNETTO TRØJBORG;-138,35;N;-1.121,33;22-10-2012
22-10-2012;DK-NOTA65980 MAGASIN, KGS NYTOR;-100,00;N;-982,98;22-10-2012
22-10-2012;DK-NOTA99090 SPORTIGAN;-850,00;N;-882,98;22-10-2012
22-10-2012;DK-NOTA43806 BILLETLUGEN;-271,72;N;-32,98;22-10-2012
19-10-2012;DK-NOTA21981 TOSCANA DUE;-78,00;N;238,74;19-10-2012
19-10-2012;DK-NOTA39558 PARKERING KBH ØV;-40,50;N;316,74;19-10-2012
17-10-2012;DK-NOTA51872 SUPERBRUGSEN MATTH;-123,15;N;357,24;17-10-2012
17-10-2012;Overførsel Div;1.000,00;N;480,39;17-10-2012
16-10-2012;DK-NOTA41848 TDC YOUSEE;-39,70;N;-519,61;16-10-2012
15-10-2012;DK-NOTA33661 KINA GRILL;-105,00;N;-479,91;15-10-2012
15-10-2012;DK-NOTA37252 Q8 SERVICE - 8006;-586,21;N;-374,91;15-10-2012
12-10-2012;DK-NOTA43987 MAGASIN, RØDOVRE;-100,00;N;211,30;12-10-2012
12-10-2012;DK-NOTA87498 IRMA RØDOVRECENT.;-182,50;N;311,30;12-10-2012
10-10-2012;DK-NOTA21686 ALDI 026;-52,45;N;493,80;10-10-2012
09-10-2012;DK-NOTA43742 MAGASIN, RØDOVRE;-100,00;N;546,25;09-10-2012
09-10-2012;DK-NOTA39465 IRMA RØDOVRECENT.;-238,00;N;646,25;09-10-2012
08-10-2012;DK-NOTA17618 FØTEX VESTERBROGAD;-28,00;N;884,25;08-10-2012
08-10-2012;Overførsel Fest;8.000,00;N;912,25;08-10-2012
08-10-2012;ATM 0044 Nykredit Frederiksberg;-6.000,00;N;-7.087,75;08-10-2012
08-10-2012;DK-NOTA15945 FØTEX VESTERBROGAD;-152,25;N;-1.087,75;08-10-2012
08-10-2012;DK-NOTA 9266 JOE & THE JUICE;-48,00;N;-935,50;08-10-2012
08-10-2012;DK-NOTA90092 VESTERBRO KONTORFO;-35,00;N;-887,50;08-10-2012
08-10-2012;DK-NOTA35075 INCO CC KØBENHAVN;-1.826,65;N;-852,50;08-10-2012
08-10-2012;DK-NOTA37393 JUST-EAT.DK APS;-475,72;N;974,15;08-10-2012
05-10-2012;DK-NOTA42610 LA SANDWICHERIE V/;-40,00;N;1.449,87;05-10-2012
05-10-2012;DK-NOTA19134 KAFFE OG ØLBAR;-96,00;N;1.489,87;05-10-2012
05-10-2012;DK-NOTA32238 PARKERING KBH ØV;-40,50;N;1.585,87;05-10-2012
04-10-2012;DK-NOTA67905 BRINCK ELEKTRONIK;-573,00;N;1.626,37;04-10-2012
04-10-2012;DK-NOTA20074 PARKERING KBH NV-G;-10,50;N;2.199,37;04-10-2012
04-10-2012;DK-NOTA23730 INCO CC KØBENHAVN;-7.592,15;N;2.209,87;04-10-2012
04-10-2012;Overførsel Fest;10.000,00;N;9.802,02;04-10-2012
03-10-2012;DK-NOTA  845 THE BAGEL CO.;-69,00;N;-197,98;03-10-2012
03-10-2012;DK-NOTA15122 EUROPARK-2418;-20,50;N;-128,98;03-10-2012
03-10-2012;DK-NOTA70717 DØGNNETTO 7259;-162,75;N;-108,48;03-10-2012
02-10-2012;DK-NOTA74008 THE TACO SHOP;-80,00;N;54,27;02-10-2012
02-10-2012;Overførsel Bla fest;2.000,00;N;134,27;02-10-2012
02-10-2012;APPLE;-89,00;N;-1.865,73;02-10-2012
02-10-2012;PAYPAL;-62,64;N;-1.776,73;02-10-2012
01-10-2012;DK-NOTA35827 MC DONALD´S VALBY;-64,50;N;-1.714,09;01-10-2012
01-10-2012;DK-NOTA65794 IKEA - 094, ACO;-144,00;N;-1.649,59;01-10-2012
01-10-2012;DK-NOTA93943 STOF & STIL;-597,50;N;-1.505,59;01-10-2012
01-10-2012;DK-NOTA 6008 PARKERING KBH KA;-30,50;N;-908,09;01-10-2012
01-10-2012;DK-NOTA96319 4SOUND;-279,00;N;-877,59;01-10-2012
01-10-2012;DK-NOTA53096 PARKERING KBH IØ;-15,50;N;-598,59;01-10-2012
01-10-2012;DK-NOTA43500 NETTO BLEGDAMSVEJ;-1.016,55;N;-583,09;01-10-2012
01-10-2012;DK-NOTA33372 KINA GRILL;-101,00;N;433,46;01-10-2012
28-09-2012;Rente;-14,35;N;534,46;01-10-2012
28-09-2012;Overførsel Div;2.000,00;N;548,81;28-09-2012
28-09-2012;Fremmed automat i åbningstid;-4,00;N;-1.451,19;28-09-2012
27-09-2012;DK-NOTA21332 PARKERING KBH ØV;-40,50;N;-1.447,19;27-09-2012
27-09-2012;DK-NOTA22373 STATOIL - 10615;-647,53;N;-1.406,69;27-09-2012
26-09-2012;DK-NOTA34050 IRMA RØDOVRECENT.;-148,44;N;-759,16;26-09-2012
26-09-2012;DK-NOTA28943 MAGASIN, RØDOVRE;-199,75;N;-610,72;26-09-2012
26-09-2012;DK-NOTA42088 MAGASIN, RØDOVRE;-200,00;N;-410,97;26-09-2012
26-09-2012;DK-NOTA24096 MAGASIN, RØDOVRE;-450,00;N;-210,97;26-09-2012
25-09-2012;DK-NOTA33300 KINA GRILL;-134,00;N;239,03;25-09-2012
24-09-2012;DK-NOTA48964 MCDONALD'S FAMILIE;-57,50;N;373,03;24-09-2012
24-09-2012;DK-NOTA18695 KING OF CHICKEN;-69,00;N;430,53;24-09-2012
24-09-2012;Overførsel div;2.000,00;N;499,53;24-09-2012
21-09-2012;DK-NOTA33262 KINA GRILL;-134,00;N;-1.500,47;21-09-2012
21-09-2012;DK-NOTA30176 TDC YOUSEE;-29,70;N;-1.366,47;21-09-2012
21-09-2012;DK-NOTA 9787 PARKERING KBH IN;-20,50;N;-1.336,77;21-09-2012
21-09-2012;Automat  265 NORDEA BANK DANMAR;-1.000,00;N;-1.316,27;21-09-2012
19-09-2012;DK-NOTA54402 ØSTERFÆLLED APOTEK;-456,55;N;-316,27;19-09-2012
19-09-2012;DK-NOTA14735 EUROPARK-2418;-20,50;N;140,28;19-09-2012
18-09-2012;DK-NOTA30822 IRMA RØDOVRECENT.;-153,50;N;160,78;18-09-2012
18-09-2012;Overførsel div;1.500,00;N;314,28;18-09-2012
17-09-2012;DK-NOTA21202 PARKERING KBH ØV;-35,50;N;-1.185,72;17-09-2012
17-09-2012;DK-NOTA35808 Q8 SERVICE - 8006;-366,15;N;-1.150,22;17-09-2012
14-09-2012;DK-NOTA30889 SUPERBRUGSEN MATTH;-218,85;N;-784,07;14-09-2012
14-09-2012;DK-NOTA25106 MC DONALD´S VALBY;-26,00;N;-565,22;14-09-2012
14-09-2012;Indb.kort oestfys 8/8;-160,95;N;-539,22;14-09-2012
13-09-2012;DK-NOTA39222 SUPERBRUGSEN MATTH;-161,30;N;-378,27;13-09-2012
13-09-2012;DK-NOTA 9598 KEBABISTAN I/S;-33,00;N;-216,97;13-09-2012
12-09-2012;DK-NOTA14602 EUROPARK-2418;-10,50;N;-183,97;12-09-2012
11-09-2012;DK-NOTA30617 SUPERBRUGSEN MATTH;-26,00;N;-173,47;11-09-2012
11-09-2012;DK-NOTA 3811 SUPERBRUGSEN MATTH;-192,75;N;-147,47;11-09-2012
10-09-2012;DK-NOTA41377 MCDONALD'S FAMILIE;-60,50;N;45,28;10-09-2012
10-09-2012;DK-NOTA17934 KING OF CHICKEN;-69,00;N;105,78;10-09-2012
10-09-2012;DK-NOTA08TGG TELMORE A/S;-200,00;N;174,78;10-09-2012
10-09-2012;DK-NOTA 5868 VILDGLAD;-56,00;N;374,78;10-09-2012
10-09-2012;Overførsel Didde, 6/9;-450,00;N;430,78;10-09-2012
10-09-2012;Indb.kort flensborghus.dk;-45,00;N;880,78;10-09-2012
10-09-2012;Indb.kort bitmovers.dk;-45,00;N;925,78;10-09-2012
10-09-2012;Overførsel Bil back;-5.600,00;N;970,78;10-09-2012
10-09-2012;Overførsel Bla bil;1.000,00;N;6.570,78;10-09-2012
10-09-2012;Overførsel Bla bil;6.500,00;N;5.570,78;10-09-2012
07-09-2012;DK-NOTA88598 CENTERBAGEREN RØDO;-30,00;N;-929,22;07-09-2012
07-09-2012;DK-NOTA76936 IRMA RØDOVRECENT.;-334,00;N;-899,22;07-09-2012
06-09-2012;DK-NOTA38209 PARKERING KBH ØV;-35,50;N;-565,22;06-09-2012
05-09-2012;DK-NOTA97608 THE BAGEL CO. APS;-48,00;N;-529,72;05-09-2012
05-09-2012;DK-NOTA14328 EUROPARK-2418;-15,50;N;-481,72;05-09-2012
04-09-2012;DK-NOTA    8 SLAGTER-ONLINE.DK;-346,00;N;-466,22;04-09-2012
03-09-2012;DK-NOTA17508 KING OF CHICKEN;-76,00;N;-120,22;03-09-2012
03-09-2012;DK-NOTA48608 DØGNNETTO 7259;-182,85;N;-44,22;03-09-2012
03-09-2012;DK-NOTA74274 CAFE SKAMMEKROGEN;-36,00;N;138,63;03-09-2012
03-09-2012;DK-NOTA18560 KAFFESALONEN APS;-54,00;N;174,63;03-09-2012
03-09-2012;DK-NOTA15019 HALIFAX;-168,00;N;228,63;03-09-2012
03-09-2012;Overførsel div;1.500,00;N;396,63;03-09-2012
31-08-2012;DK-NOTA 9708 PARKERING KBH IN;-20,50;N;-1.103,37;31-08-2012
30-08-2012;DK-NOTA97519 SUPERBRUGSEN MATTH;-133,80;N;-1.082,87;30-08-2012
30-08-2012;DK-NOTA14294 SHELL SERVICE;-641,84;N;-949,07;30-08-2012
30-08-2012;DK-NOTA14153 EUROPARK-2418;-10,50;N;-307,23;30-08-2012
30-08-2012;APPLE;-128,00;N;-296,73;30-08-2012
28-08-2012;DK-NOTA22051 IRMA RØDOVRECENT.;-287,50;N;-168,73;28-08-2012
28-08-2012;DK-NOTA48458 MAD MED MERE;-60,87;N;118,77;28-08-2012
28-08-2012;Overførsel div;800,00;N;179,64;28-08-2012
27-08-2012;DK-NOTA33682 MCDONALD'S FAMILIE;-72,50;N;-620,36;27-08-2012
27-08-2012;DK-NOTA18879 KRISTELIGT DAGBLAD;-19,00;N;-547,86;27-08-2012
27-08-2012;DK-NOTA65587 PARADIS VESTERBRO;-38,00;N;-528,86;27-08-2012
27-08-2012;DK-NOTA 8573 ILLUM;-400,00;N;-490,86;27-08-2012
27-08-2012;DK-NOTA32643 DELIZIA PIZZA;-30,00;N;-90,86;27-08-2012
27-08-2012;DK-NOTA 5995 PARKERING KBH KA;-25,50;N;-60,86;27-08-2012
27-08-2012;DK-NOTA32737 SUPERBRUGSEN MATTH;-217,45;N;-35,36;27-08-2012
27-08-2012;Overførsel OF;1.500,00;N;182,09;27-08-2012
24-08-2012;DK-NOTA37826 PARKERING KBH ØV;-40,50;N;-1.317,91;24-08-2012
23-08-2012;DK-NOTA70129 SUPERBRUGSEN MATTH;-140,90;N;-1.277,41;23-08-2012
23-08-2012;DK-NOTA0-103 NBT.DK;-401,85;N;-1.136,51;23-08-2012
23-08-2012;DK-NOTA54625 MJ COFFEE;-117,00;N;-734,66;23-08-2012
23-08-2012;DK-NOTA61213 CAFE LEO;-112,00;N;-617,66;23-08-2012
22-08-2012;DK-NOTA55957 MAGASIN, KGS NYTOR;-100,00;N;-505,66;22-08-2012
22-08-2012;DK-NOTA39773 MAGASIN, KGS NYTOR;-249,95;N;-405,66;22-08-2012
21-08-2012;DK-NOTA74297 KIOSK T B;-38,00;N;-155,71;21-08-2012
20-08-2012;DK-NOTA618   MAMMA CHE GELATO L;-27,00;N;-117,71;20-08-2012
20-08-2012;DK-NOTA15195 SUPERBRUGSEN MATTH;-211,95;N;-90,71;20-08-2012
20-08-2012;DK-NOTA53123 MJ COFFEE;-79,00;N;121,24;20-08-2012
20-08-2012;DK-NOTA88835 T.P. MUSIK MARKED;-149,95;N;200,24;20-08-2012
